@book { plat:rep:lrx,
  author =
    {Platon},
  title =
    {République},
  date =
    {2004},
  editor =
    {Georges Leroux},
  translator =
    {Georges Leroux},
  annotator =
    {Georges Leroux},
  language =
    {french},
  origlanguage =
    {greek},
  edition =
    {deuxième édition corrigée},
  series =
    {GF},
  publisher =
    {Flammarion},
  location =
    {Paris},
  pagetotal =
    {801},
}

@inreference { wiki:mrkp-lng,
  author =
    {Multiples},
  title =
    {Markup Language},
  booktitle =
    {Wikipedia},
  editor =
    {The Wikimedia Foundation},
  date =
    {2014-03-09},

  url =
    {https://en.wikipedia.org/wiki/Markup_language},
  urldate =
    {2014-03-09},
  language =
    {english},
}

@book { rouquette-xe,
  author =
    {{Rouquette, Maïeul}
     and
     {Chabannes, Brendan}
     and
     {Rouquette, Enimie}},
  title =
    {(Xe)LaTeX appliqué aux sciences humaines},
  publisher =
    {Atramenta},
  year =
    {2012},
  location =
    {Tampere},
  url =
    {http://ariane.ulaval.ca/cgi-bin/recherche.cgi?qu=a2148913},
  isbn =
    {{9789522730732} and {9522730734}},
  pagetotal =
    {268},
}